<?xml version="1.0" encoding="UTF-8"?>
<collection xmlns:xsi="http://www.w3.org/2001/XMLSchema-instance" xsi:schemaLocation="http://www.loc.gov/MARC21/slim http://www.loc.gov/standards/marcxml/schema/MARC21slim.xsd" xmlns="http://www.loc.gov/MARC21/slim">
<record>
  <leader>01018cam a2200253 i 4500</leader>
  <controlfield tag="001">37857</controlfield>
  <controlfield tag="003">NNC</controlfield>
  <controlfield tag="005">20100226123956.0</controlfield>
  <controlfield tag="008">810119s1971    iq a     b    010 0 ara d</controlfield>
  <datafield tag="035" ind1=" " ind2=" ">
    <subfield code="a">(OCoLC)84980715</subfield>
  </datafield>
  <datafield tag="035" ind1=" " ind2=" ">
    <subfield code="a">(OCoLC)ocm84980715</subfield>
  </datafield>
  <datafield tag="035" ind1=" " ind2=" ">
    <subfield code="a">(CStRLIN)NYCG21046166-B</subfield>
  </datafield>
  <datafield tag="035" ind1=" " ind2=" ">
    <subfield code="9">AAD9926CU</subfield>
  </datafield>
  <datafield tag="035" ind1=" " ind2=" ">
    <subfield code="a">(NNC)37857</subfield>
  </datafield>
  <datafield tag="040" ind1=" " ind2=" ">
    <subfield code="a">NNC</subfield>
    <subfield code="c">NNC</subfield>
    <subfield code="d">NNC</subfield>
  </datafield>
  <datafield tag="090" ind1=" " ind2=" ">
    <subfield code="a">PJ7862.A93</subfield>
    <subfield code="b">Z74</subfield>
  </datafield>
  <datafield tag="111" ind1="2" ind2=" ">
    <subfield code="a">Mihrajān al-Bāb</subfield>
    <subfield code="d">(1971 :</subfield>
    <subfield code="c">Baṣrah, Iraq)</subfield>
  </datafield>
  <datafield tag="245" ind1="1" ind2="3">
    <subfield code="a">al-Sayyāb fī dhikrāhu al-sādisah :</subfield>
    <subfield code="b">Mihrajān al-Bāb min 23 ilá 26 Kānūn al-thānī 1971 /</subfield>
    <subfield code="c">ashrafa ʻalá ṭabʻihi wa-iʻdādihi ʻAbd al-Jabbār Dāwūd al-Baṣrī ... [et al.].</subfield>
  </datafield>
  <datafield tag="260" ind1=" " ind2=" ">
    <subfield code="a">Baghdād :</subfield>
    <subfield code="b">Wizārat al-Iʻlām, Mudīrīyat al-Thaqāfah al-ʻAmmah,</subfield>
    <subfield code="c">1971.</subfield>
  </datafield>
  <datafield tag="300" ind1=" " ind2=" ">
    <subfield code="a">103 p. :</subfield>
    <subfield code="b">ill. ;</subfield>
    <subfield code="c">21 cm.</subfield>
  </datafield>
  <datafield tag="504" ind1=" " ind2=" ">
    <subfield code="a">Bibliography: p. 91-101.</subfield>
  </datafield>
  <datafield tag="600" ind1="1" ind2="0">
    <subfield code="a">Sayyāb, Badr Shākir,</subfield>
    <subfield code="d">1926-1964</subfield>
    <subfield code="x">Anniversaries, etc.</subfield>
  </datafield>
  <datafield tag="700" ind1="1" ind2=" ">
    <subfield code="a">Sayyāb, Badr Shākir,</subfield>
    <subfield code="d">1926-1964.</subfield>
  </datafield>
  <datafield tag="700" ind1="1" ind2=" ">
    <subfield code="a">Baṣrī, ʻAbd al-Jabbār Dāwūd.</subfield>
  </datafield>
  <datafield tag="955" ind1=" " ind2=" ">
    <subfield code="b">0039172538</subfield>
    <subfield code="d">glx</subfield>
    <subfield code="e">PJ7862.A93 Z74</subfield>
  </datafield>
</record>
</collection>